%YAML 1.1
%TAG !u! tag:unity3d.com,2011:
--- !u!29 &1
OcclusionCullingSettings:
  m_ObjectHideFlags: 0
  serializedVersion: 2
  m_OcclusionBakeSettings:
    smallestOccluder: 5
    smallestHole: 0.25
    backfaceThreshold: 100
  m_SceneGUID: 00000000000000000000000000000000
  m_OcclusionCullingData: {fileID: 0}
--- !u!104 &2
RenderSettings:
  m_ObjectHideFlags: 0
  serializedVersion: 9
  m_Fog: 0
  m_FogColor: {r: 0.5, g: 0.5, b: 0.5, a: 1}
  m_FogMode: 3
  m_FogDensity: 0.01
  m_LinearFogStart: 0
  m_LinearFogEnd: 300
  m_AmbientSkyColor: {r: 0.212, g: 0.227, b: 0.259, a: 1}
  m_AmbientEquatorColor: {r: 0.114, g: 0.125, b: 0.133, a: 1}
  m_AmbientGroundColor: {r: 0.047, g: 0.043, b: 0.035, a: 1}
  m_AmbientIntensity: 1
  m_AmbientMode: 3
  m_SubtractiveShadowColor: {r: 0.42, g: 0.478, b: 0.627, a: 1}
  m_SkyboxMaterial: {fileID: 0}
  m_HaloStrength: 0.5
  m_FlareStrength: 1
  m_FlareFadeSpeed: 3
  m_HaloTexture: {fileID: 0}
  m_SpotCookie: {fileID: 10001, guid: 0000000000000000e000000000000000, type: 0}
  m_DefaultReflectionMode: 0
  m_DefaultReflectionResolution: 128
  m_ReflectionBounces: 1
  m_ReflectionIntensity: 1
  m_CustomReflection: {fileID: 0}
  m_Sun: {fileID: 0}
  m_IndirectSpecularColor: {r: 0, g: 0, b: 0, a: 1}
  m_UseRadianceAmbientProbe: 0
--- !u!157 &3
LightmapSettings:
  m_ObjectHideFlags: 0
  serializedVersion: 11
  m_GIWorkflowMode: 1
  m_GISettings:
    serializedVersion: 2
    m_BounceScale: 1
    m_IndirectOutputScale: 1
    m_AlbedoBoost: 1
    m_EnvironmentLightingMode: 0
    m_EnableBakedLightmaps: 0
    m_EnableRealtimeLightmaps: 0
  m_LightmapEditorSettings:
    serializedVersion: 12
    m_Resolution: 2
    m_BakeResolution: 40
    m_AtlasSize: 1024
    m_AO: 0
    m_AOMaxDistance: 1
    m_CompAOExponent: 1
    m_CompAOExponentDirect: 0
    m_ExtractAmbientOcclusion: 0
    m_Padding: 2
    m_LightmapParameters: {fileID: 0}
    m_LightmapsBakeMode: 1
    m_TextureCompression: 1
    m_FinalGather: 0
    m_FinalGatherFiltering: 1
    m_FinalGatherRayCount: 256
    m_ReflectionCompression: 2
    m_MixedBakeMode: 2
    m_BakeBackend: 1
    m_PVRSampling: 1
    m_PVRDirectSampleCount: 32
    m_PVRSampleCount: 512
    m_PVRBounces: 2
    m_PVREnvironmentSampleCount: 256
    m_PVREnvironmentReferencePointCount: 2048
    m_PVRFilteringMode: 1
    m_PVRDenoiserTypeDirect: 1
    m_PVRDenoiserTypeIndirect: 1
    m_PVRDenoiserTypeAO: 1
    m_PVRFilterTypeDirect: 0
    m_PVRFilterTypeIndirect: 0
    m_PVRFilterTypeAO: 0
    m_PVREnvironmentMIS: 1
    m_PVRCulling: 1
    m_PVRFilteringGaussRadiusDirect: 1
    m_PVRFilteringGaussRadiusIndirect: 5
    m_PVRFilteringGaussRadiusAO: 2
    m_PVRFilteringAtrousPositionSigmaDirect: 0.5
    m_PVRFilteringAtrousPositionSigmaIndirect: 2
    m_PVRFilteringAtrousPositionSigmaAO: 1
    m_ExportTrainingData: 0
    m_TrainingDataDestination: TrainingData
  m_LightingDataAsset: {fileID: 0}
  m_UseShadowmask: 1
--- !u!196 &4
NavMeshSettings:
  serializedVersion: 2
  m_ObjectHideFlags: 0
  m_BuildSettings:
    serializedVersion: 2
    agentTypeID: 0
    agentRadius: 0.5
    agentHeight: 2
    agentSlope: 45
    agentClimb: 0.4
    ledgeDropHeight: 0
    maxJumpAcrossDistance: 0
    minRegionArea: 2
    manualCellSize: 0
    cellSize: 0.16666667
    manualTileSize: 0
    tileSize: 256
    accuratePlacement: 0
    debug:
      m_Flags: 0
  m_NavMeshData: {fileID: 0}
--- !u!1 &233812256
GameObject:
  m_ObjectHideFlags: 0
  m_CorrespondingSourceObject: {fileID: 0}
  m_PrefabInstance: {fileID: 0}
  m_PrefabAsset: {fileID: 0}
  serializedVersion: 6
  m_Component:
  - component: {fileID: 233812257}
  - component: {fileID: 233812258}
  m_Layer: 0
  m_Name: lv.02 BG
  m_TagString: Untagged
  m_Icon: {fileID: 0}
  m_NavMeshLayer: 0
  m_StaticEditorFlags: 0
  m_IsActive: 1
--- !u!4 &233812257
Transform:
  m_ObjectHideFlags: 0
  m_CorrespondingSourceObject: {fileID: 0}
  m_PrefabInstance: {fileID: 0}
  m_PrefabAsset: {fileID: 0}
  m_GameObject: {fileID: 233812256}
  m_LocalRotation: {x: -0, y: -0, z: -0, w: 1}
  m_LocalPosition: {x: -0.01, y: 0.01, z: 0}
  m_LocalScale: {x: 2.99715, y: 2.8688521, z: 1}
  m_Children: []
  m_Father: {fileID: 1071907125}
  m_RootOrder: 7
  m_LocalEulerAnglesHint: {x: 0, y: 0, z: 0}
--- !u!212 &233812258
SpriteRenderer:
  m_ObjectHideFlags: 0
  m_CorrespondingSourceObject: {fileID: 0}
  m_PrefabInstance: {fileID: 0}
  m_PrefabAsset: {fileID: 0}
  m_GameObject: {fileID: 233812256}
  m_Enabled: 1
  m_CastShadows: 0
  m_ReceiveShadows: 0
  m_DynamicOccludee: 1
  m_MotionVectors: 1
  m_LightProbeUsage: 1
  m_ReflectionProbeUsage: 1
  m_RenderingLayerMask: 1
  m_RendererPriority: 0
  m_Materials:
  - {fileID: 10754, guid: 0000000000000000f000000000000000, type: 0}
  m_StaticBatchInfo:
    firstSubMesh: 0
    subMeshCount: 0
  m_StaticBatchRoot: {fileID: 0}
  m_ProbeAnchor: {fileID: 0}
  m_LightProbeVolumeOverride: {fileID: 0}
  m_ScaleInLightmap: 1
  m_ReceiveGI: 1
  m_PreserveUVs: 0
  m_IgnoreNormalsForChartDetection: 0
  m_ImportantGI: 0
  m_StitchLightmapSeams: 1
  m_SelectedEditorRenderState: 0
  m_MinimumChartSize: 4
  m_AutoUVMaxDistance: 0.5
  m_AutoUVMaxAngle: 89
  m_LightmapParameters: {fileID: 0}
  m_SortingLayerID: 0
  m_SortingLayer: 0
  m_SortingOrder: -2
  m_Sprite: {fileID: 21300000, guid: aaf2d78e09ed5844b81cc714fe7e07d9, type: 3}
  m_Color: {r: 1, g: 1, b: 1, a: 1}
  m_FlipX: 0
  m_FlipY: 0
  m_DrawMode: 0
  m_Size: {x: 4, y: 2.38}
  m_AdaptiveModeThreshold: 0.5
  m_SpriteTileMode: 0
  m_WasSpriteAssigned: 1
  m_MaskInteraction: 0
  m_SpriteSortPoint: 0
--- !u!1001 &486332403
PrefabInstance:
  m_ObjectHideFlags: 0
  serializedVersion: 2
  m_Modification:
    m_TransformParent: {fileID: 532951411}
    m_Modifications:
    - target: {fileID: 1023680390054814057, guid: 131462c2695b1a047892b18de6bbf41d,
        type: 3}
      propertyPath: m_Name
      value: Wound-2
      objectReference: {fileID: 0}
    - target: {fileID: 3579951690500951381, guid: 131462c2695b1a047892b18de6bbf41d,
        type: 3}
      propertyPath: m_LocalPosition.x
      value: 2.117
      objectReference: {fileID: 0}
    - target: {fileID: 3579951690500951381, guid: 131462c2695b1a047892b18de6bbf41d,
        type: 3}
      propertyPath: m_LocalPosition.y
      value: 0.0222
      objectReference: {fileID: 0}
    - target: {fileID: 3579951690500951381, guid: 131462c2695b1a047892b18de6bbf41d,
        type: 3}
      propertyPath: m_LocalPosition.z
      value: 0
      objectReference: {fileID: 0}
    - target: {fileID: 3579951690500951381, guid: 131462c2695b1a047892b18de6bbf41d,
        type: 3}
      propertyPath: m_LocalRotation.x
      value: -0
      objectReference: {fileID: 0}
    - target: {fileID: 3579951690500951381, guid: 131462c2695b1a047892b18de6bbf41d,
        type: 3}
      propertyPath: m_LocalRotation.y
      value: -0
      objectReference: {fileID: 0}
    - target: {fileID: 3579951690500951381, guid: 131462c2695b1a047892b18de6bbf41d,
        type: 3}
      propertyPath: m_LocalRotation.z
      value: -0
      objectReference: {fileID: 0}
    - target: {fileID: 3579951690500951381, guid: 131462c2695b1a047892b18de6bbf41d,
        type: 3}
      propertyPath: m_LocalRotation.w
      value: 1
      objectReference: {fileID: 0}
    - target: {fileID: 3579951690500951381, guid: 131462c2695b1a047892b18de6bbf41d,
        type: 3}
      propertyPath: m_RootOrder
      value: 1
      objectReference: {fileID: 0}
    - target: {fileID: 3579951690500951381, guid: 131462c2695b1a047892b18de6bbf41d,
        type: 3}
      propertyPath: m_LocalEulerAnglesHint.x
      value: 0
      objectReference: {fileID: 0}
    - target: {fileID: 3579951690500951381, guid: 131462c2695b1a047892b18de6bbf41d,
        type: 3}
      propertyPath: m_LocalEulerAnglesHint.y
      value: 0
      objectReference: {fileID: 0}
    - target: {fileID: 3579951690500951381, guid: 131462c2695b1a047892b18de6bbf41d,
        type: 3}
      propertyPath: m_LocalEulerAnglesHint.z
      value: 0
      objectReference: {fileID: 0}
    - target: {fileID: 3579951690500951381, guid: 131462c2695b1a047892b18de6bbf41d,
        type: 3}
      propertyPath: m_LocalScale.y
      value: 0.48893657
      objectReference: {fileID: 0}
    - target: {fileID: 3579951690500951381, guid: 131462c2695b1a047892b18de6bbf41d,
        type: 3}
      propertyPath: m_LocalScale.x
      value: 0.59899735
      objectReference: {fileID: 0}
    - target: {fileID: 1730815586074075398, guid: 131462c2695b1a047892b18de6bbf41d,
        type: 3}
      propertyPath: passValue
      value: 2
      objectReference: {fileID: 0}
    - target: {fileID: 5912654675508964276, guid: 131462c2695b1a047892b18de6bbf41d,
        type: 3}
      propertyPath: m_Sprite
      value: 
      objectReference: {fileID: 21300000, guid: 136bcf85749a5f243b58519ed3e7b5ae,
        type: 3}
    - target: {fileID: 7881067161970379287, guid: 131462c2695b1a047892b18de6bbf41d,
        type: 3}
      propertyPath: m_Offset.x
      value: -0.24256086
      objectReference: {fileID: 0}
    - target: {fileID: 7881067161970379287, guid: 131462c2695b1a047892b18de6bbf41d,
        type: 3}
      propertyPath: m_SpriteTilingProperty.oldSize.x
      value: 5.43
      objectReference: {fileID: 0}
    - target: {fileID: 7881067161970379287, guid: 131462c2695b1a047892b18de6bbf41d,
        type: 3}
      propertyPath: m_SpriteTilingProperty.oldSize.y
      value: 1.56
      objectReference: {fileID: 0}
    - target: {fileID: 7881067161970379287, guid: 131462c2695b1a047892b18de6bbf41d,
        type: 3}
      propertyPath: m_Size.x
      value: 4.9079094
      objectReference: {fileID: 0}
    - target: {fileID: 7881067161970379287, guid: 131462c2695b1a047892b18de6bbf41d,
        type: 3}
      propertyPath: m_Offset.y
      value: -0.0000002682209
      objectReference: {fileID: 0}
    - target: {fileID: 7881067161970379287, guid: 131462c2695b1a047892b18de6bbf41d,
        type: 3}
      propertyPath: m_Size.y
      value: 1.5282865
      objectReference: {fileID: 0}
    m_RemovedComponents: []
  m_SourcePrefab: {fileID: 100100000, guid: 131462c2695b1a047892b18de6bbf41d, type: 3}
--- !u!1001 &532951410
PrefabInstance:
  m_ObjectHideFlags: 0
  serializedVersion: 2
  m_Modification:
    m_TransformParent: {fileID: 1071907125}
    m_Modifications:
    - target: {fileID: 8979719232211653234, guid: 517ea0d8a2d33844d8d086668a13c26f,
        type: 3}
      propertyPath: m_Name
      value: WoundManager
      objectReference: {fileID: 0}
    - target: {fileID: 183411538246076645, guid: 517ea0d8a2d33844d8d086668a13c26f,
        type: 3}
      propertyPath: m_LocalPosition.x
      value: 0
      objectReference: {fileID: 0}
    - target: {fileID: 183411538246076645, guid: 517ea0d8a2d33844d8d086668a13c26f,
        type: 3}
      propertyPath: m_LocalPosition.y
      value: 0
      objectReference: {fileID: 0}
    - target: {fileID: 183411538246076645, guid: 517ea0d8a2d33844d8d086668a13c26f,
        type: 3}
      propertyPath: m_LocalPosition.z
      value: 0
      objectReference: {fileID: 0}
    - target: {fileID: 183411538246076645, guid: 517ea0d8a2d33844d8d086668a13c26f,
        type: 3}
      propertyPath: m_LocalRotation.x
      value: 0
      objectReference: {fileID: 0}
    - target: {fileID: 183411538246076645, guid: 517ea0d8a2d33844d8d086668a13c26f,
        type: 3}
      propertyPath: m_LocalRotation.y
      value: 0
      objectReference: {fileID: 0}
    - target: {fileID: 183411538246076645, guid: 517ea0d8a2d33844d8d086668a13c26f,
        type: 3}
      propertyPath: m_LocalRotation.z
      value: 0
      objectReference: {fileID: 0}
    - target: {fileID: 183411538246076645, guid: 517ea0d8a2d33844d8d086668a13c26f,
        type: 3}
      propertyPath: m_LocalRotation.w
      value: 1
      objectReference: {fileID: 0}
    - target: {fileID: 183411538246076645, guid: 517ea0d8a2d33844d8d086668a13c26f,
        type: 3}
      propertyPath: m_RootOrder
      value: 0
      objectReference: {fileID: 0}
    - target: {fileID: 183411538246076645, guid: 517ea0d8a2d33844d8d086668a13c26f,
        type: 3}
      propertyPath: m_LocalEulerAnglesHint.x
      value: 0
      objectReference: {fileID: 0}
    - target: {fileID: 183411538246076645, guid: 517ea0d8a2d33844d8d086668a13c26f,
        type: 3}
      propertyPath: m_LocalEulerAnglesHint.y
      value: 0
      objectReference: {fileID: 0}
    - target: {fileID: 183411538246076645, guid: 517ea0d8a2d33844d8d086668a13c26f,
        type: 3}
      propertyPath: m_LocalEulerAnglesHint.z
      value: 0
      objectReference: {fileID: 0}
    m_RemovedComponents: []
  m_SourcePrefab: {fileID: 100100000, guid: 517ea0d8a2d33844d8d086668a13c26f, type: 3}
--- !u!4 &532951411 stripped
Transform:
  m_CorrespondingSourceObject: {fileID: 183411538246076645, guid: 517ea0d8a2d33844d8d086668a13c26f,
    type: 3}
  m_PrefabInstance: {fileID: 532951410}
  m_PrefabAsset: {fileID: 0}
--- !u!1001 &554613567
PrefabInstance:
  m_ObjectHideFlags: 0
  serializedVersion: 2
  m_Modification:
    m_TransformParent: {fileID: 1071907125}
    m_Modifications:
    - target: {fileID: 1362066180402142670, guid: 7c4d7c82526278647942d9fdf19fc4e4,
        type: 3}
      propertyPath: m_Name
      value: Node F
      objectReference: {fileID: 0}
    - target: {fileID: 5606785592448882432, guid: 7c4d7c82526278647942d9fdf19fc4e4,
        type: 3}
      propertyPath: m_LocalPosition.x
      value: 3
      objectReference: {fileID: 0}
    - target: {fileID: 5606785592448882432, guid: 7c4d7c82526278647942d9fdf19fc4e4,
        type: 3}
      propertyPath: m_LocalPosition.y
      value: -1
      objectReference: {fileID: 0}
    - target: {fileID: 5606785592448882432, guid: 7c4d7c82526278647942d9fdf19fc4e4,
        type: 3}
      propertyPath: m_LocalPosition.z
      value: 0
      objectReference: {fileID: 0}
    - target: {fileID: 5606785592448882432, guid: 7c4d7c82526278647942d9fdf19fc4e4,
        type: 3}
      propertyPath: m_LocalRotation.x
      value: 0
      objectReference: {fileID: 0}
    - target: {fileID: 5606785592448882432, guid: 7c4d7c82526278647942d9fdf19fc4e4,
        type: 3}
      propertyPath: m_LocalRotation.y
      value: 0
      objectReference: {fileID: 0}
    - target: {fileID: 5606785592448882432, guid: 7c4d7c82526278647942d9fdf19fc4e4,
        type: 3}
      propertyPath: m_LocalRotation.z
      value: 0
      objectReference: {fileID: 0}
    - target: {fileID: 5606785592448882432, guid: 7c4d7c82526278647942d9fdf19fc4e4,
        type: 3}
      propertyPath: m_LocalRotation.w
      value: 1
      objectReference: {fileID: 0}
    - target: {fileID: 5606785592448882432, guid: 7c4d7c82526278647942d9fdf19fc4e4,
        type: 3}
      propertyPath: m_RootOrder
      value: 6
      objectReference: {fileID: 0}
    - target: {fileID: 5606785592448882432, guid: 7c4d7c82526278647942d9fdf19fc4e4,
        type: 3}
      propertyPath: m_LocalEulerAnglesHint.x
      value: 0
      objectReference: {fileID: 0}
    - target: {fileID: 5606785592448882432, guid: 7c4d7c82526278647942d9fdf19fc4e4,
        type: 3}
      propertyPath: m_LocalEulerAnglesHint.y
      value: 0
      objectReference: {fileID: 0}
    - target: {fileID: 5606785592448882432, guid: 7c4d7c82526278647942d9fdf19fc4e4,
        type: 3}
      propertyPath: m_LocalEulerAnglesHint.z
      value: 0
      objectReference: {fileID: 0}
    - target: {fileID: 5606785592448882432, guid: 7c4d7c82526278647942d9fdf19fc4e4,
        type: 3}
      propertyPath: m_LocalScale.y
      value: 0.7
      objectReference: {fileID: 0}
    - target: {fileID: 5606785592448882432, guid: 7c4d7c82526278647942d9fdf19fc4e4,
        type: 3}
      propertyPath: m_LocalScale.x
      value: 0.7
      objectReference: {fileID: 0}
    - target: {fileID: 8882094625027602315, guid: 7c4d7c82526278647942d9fdf19fc4e4,
        type: 3}
      propertyPath: m_Sprite
      value: 
      objectReference: {fileID: 21300000, guid: bbe3b92c69bd18d48ad221c4922f16dc,
        type: 3}
    m_RemovedComponents: []
  m_SourcePrefab: {fileID: 100100000, guid: 7c4d7c82526278647942d9fdf19fc4e4, type: 3}
--- !u!4 &554613568 stripped
Transform:
  m_CorrespondingSourceObject: {fileID: 5606785592448882432, guid: 7c4d7c82526278647942d9fdf19fc4e4,
    type: 3}
  m_PrefabInstance: {fileID: 554613567}
  m_PrefabAsset: {fileID: 0}
--- !u!1001 &715940056
PrefabInstance:
  m_ObjectHideFlags: 0
  serializedVersion: 2
  m_Modification:
    m_TransformParent: {fileID: 1071907125}
    m_Modifications:
    - target: {fileID: 1362066180402142670, guid: 7c4d7c82526278647942d9fdf19fc4e4,
        type: 3}
      propertyPath: m_Name
      value: Node E
      objectReference: {fileID: 0}
    - target: {fileID: 5606785592448882432, guid: 7c4d7c82526278647942d9fdf19fc4e4,
        type: 3}
      propertyPath: m_LocalPosition.x
      value: 2
      objectReference: {fileID: 0}
    - target: {fileID: 5606785592448882432, guid: 7c4d7c82526278647942d9fdf19fc4e4,
        type: 3}
      propertyPath: m_LocalPosition.y
      value: 2
      objectReference: {fileID: 0}
    - target: {fileID: 5606785592448882432, guid: 7c4d7c82526278647942d9fdf19fc4e4,
        type: 3}
      propertyPath: m_LocalPosition.z
      value: 0
      objectReference: {fileID: 0}
    - target: {fileID: 5606785592448882432, guid: 7c4d7c82526278647942d9fdf19fc4e4,
        type: 3}
      propertyPath: m_LocalRotation.x
      value: 0
      objectReference: {fileID: 0}
    - target: {fileID: 5606785592448882432, guid: 7c4d7c82526278647942d9fdf19fc4e4,
        type: 3}
      propertyPath: m_LocalRotation.y
      value: 0
      objectReference: {fileID: 0}
    - target: {fileID: 5606785592448882432, guid: 7c4d7c82526278647942d9fdf19fc4e4,
        type: 3}
      propertyPath: m_LocalRotation.z
      value: 0
      objectReference: {fileID: 0}
    - target: {fileID: 5606785592448882432, guid: 7c4d7c82526278647942d9fdf19fc4e4,
        type: 3}
      propertyPath: m_LocalRotation.w
      value: 1
      objectReference: {fileID: 0}
    - target: {fileID: 5606785592448882432, guid: 7c4d7c82526278647942d9fdf19fc4e4,
        type: 3}
      propertyPath: m_RootOrder
      value: 5
      objectReference: {fileID: 0}
    - target: {fileID: 5606785592448882432, guid: 7c4d7c82526278647942d9fdf19fc4e4,
        type: 3}
      propertyPath: m_LocalEulerAnglesHint.x
      value: 0
      objectReference: {fileID: 0}
    - target: {fileID: 5606785592448882432, guid: 7c4d7c82526278647942d9fdf19fc4e4,
        type: 3}
      propertyPath: m_LocalEulerAnglesHint.y
      value: 0
      objectReference: {fileID: 0}
    - target: {fileID: 5606785592448882432, guid: 7c4d7c82526278647942d9fdf19fc4e4,
        type: 3}
      propertyPath: m_LocalEulerAnglesHint.z
      value: 0
      objectReference: {fileID: 0}
    - target: {fileID: 5606785592448882432, guid: 7c4d7c82526278647942d9fdf19fc4e4,
        type: 3}
      propertyPath: m_LocalScale.y
      value: 0.7
      objectReference: {fileID: 0}
    - target: {fileID: 5606785592448882432, guid: 7c4d7c82526278647942d9fdf19fc4e4,
        type: 3}
      propertyPath: m_LocalScale.x
      value: 0.7
      objectReference: {fileID: 0}
    - target: {fileID: 8882094625027602315, guid: 7c4d7c82526278647942d9fdf19fc4e4,
        type: 3}
      propertyPath: m_Sprite
      value: 
      objectReference: {fileID: 21300000, guid: bbe3b92c69bd18d48ad221c4922f16dc,
        type: 3}
    m_RemovedComponents: []
  m_SourcePrefab: {fileID: 100100000, guid: 7c4d7c82526278647942d9fdf19fc4e4, type: 3}
--- !u!4 &715940057 stripped
Transform:
  m_CorrespondingSourceObject: {fileID: 5606785592448882432, guid: 7c4d7c82526278647942d9fdf19fc4e4,
    type: 3}
  m_PrefabInstance: {fileID: 715940056}
  m_PrefabAsset: {fileID: 0}
--- !u!1001 &721662207
PrefabInstance:
  m_ObjectHideFlags: 0
  serializedVersion: 2
  m_Modification:
    m_TransformParent: {fileID: 1071907125}
    m_Modifications:
    - target: {fileID: 1362066180402142670, guid: 7c4d7c82526278647942d9fdf19fc4e4,
        type: 3}
      propertyPath: m_Name
      value: Node A
      objectReference: {fileID: 0}
    - target: {fileID: 5606785592448882432, guid: 7c4d7c82526278647942d9fdf19fc4e4,
        type: 3}
      propertyPath: m_LocalPosition.x
      value: -2
      objectReference: {fileID: 0}
    - target: {fileID: 5606785592448882432, guid: 7c4d7c82526278647942d9fdf19fc4e4,
        type: 3}
      propertyPath: m_LocalPosition.y
      value: 1
      objectReference: {fileID: 0}
    - target: {fileID: 5606785592448882432, guid: 7c4d7c82526278647942d9fdf19fc4e4,
        type: 3}
      propertyPath: m_LocalPosition.z
      value: 0
      objectReference: {fileID: 0}
    - target: {fileID: 5606785592448882432, guid: 7c4d7c82526278647942d9fdf19fc4e4,
        type: 3}
      propertyPath: m_LocalRotation.x
      value: 0
      objectReference: {fileID: 0}
    - target: {fileID: 5606785592448882432, guid: 7c4d7c82526278647942d9fdf19fc4e4,
        type: 3}
      propertyPath: m_LocalRotation.y
      value: 0
      objectReference: {fileID: 0}
    - target: {fileID: 5606785592448882432, guid: 7c4d7c82526278647942d9fdf19fc4e4,
        type: 3}
      propertyPath: m_LocalRotation.z
      value: 0
      objectReference: {fileID: 0}
    - target: {fileID: 5606785592448882432, guid: 7c4d7c82526278647942d9fdf19fc4e4,
        type: 3}
      propertyPath: m_LocalRotation.w
      value: 1
      objectReference: {fileID: 0}
    - target: {fileID: 5606785592448882432, guid: 7c4d7c82526278647942d9fdf19fc4e4,
        type: 3}
      propertyPath: m_RootOrder
      value: 1
      objectReference: {fileID: 0}
    - target: {fileID: 5606785592448882432, guid: 7c4d7c82526278647942d9fdf19fc4e4,
        type: 3}
      propertyPath: m_LocalEulerAnglesHint.x
      value: 0
      objectReference: {fileID: 0}
    - target: {fileID: 5606785592448882432, guid: 7c4d7c82526278647942d9fdf19fc4e4,
        type: 3}
      propertyPath: m_LocalEulerAnglesHint.y
      value: 0
      objectReference: {fileID: 0}
    - target: {fileID: 5606785592448882432, guid: 7c4d7c82526278647942d9fdf19fc4e4,
        type: 3}
      propertyPath: m_LocalEulerAnglesHint.z
      value: 0
      objectReference: {fileID: 0}
    - target: {fileID: 5606785592448882432, guid: 7c4d7c82526278647942d9fdf19fc4e4,
        type: 3}
      propertyPath: m_LocalScale.y
      value: 0.7
      objectReference: {fileID: 0}
    - target: {fileID: 5606785592448882432, guid: 7c4d7c82526278647942d9fdf19fc4e4,
        type: 3}
      propertyPath: m_LocalScale.x
      value: 0.7
      objectReference: {fileID: 0}
    - target: {fileID: 8882094625027602315, guid: 7c4d7c82526278647942d9fdf19fc4e4,
        type: 3}
      propertyPath: m_Sprite
      value: 
      objectReference: {fileID: 21300000, guid: bbe3b92c69bd18d48ad221c4922f16dc,
        type: 3}
    m_RemovedComponents: []
  m_SourcePrefab: {fileID: 100100000, guid: 7c4d7c82526278647942d9fdf19fc4e4, type: 3}
--- !u!4 &721662208 stripped
Transform:
  m_CorrespondingSourceObject: {fileID: 5606785592448882432, guid: 7c4d7c82526278647942d9fdf19fc4e4,
    type: 3}
  m_PrefabInstance: {fileID: 721662207}
  m_PrefabAsset: {fileID: 0}
--- !u!1001 &852409310
PrefabInstance:
  m_ObjectHideFlags: 0
  serializedVersion: 2
  m_Modification:
    m_TransformParent: {fileID: 1071907125}
    m_Modifications:
    - target: {fileID: 1362066180402142670, guid: 7c4d7c82526278647942d9fdf19fc4e4,
        type: 3}
      propertyPath: m_Name
      value: Node C
      objectReference: {fileID: 0}
    - target: {fileID: 5606785592448882432, guid: 7c4d7c82526278647942d9fdf19fc4e4,
        type: 3}
      propertyPath: m_LocalPosition.x
      value: 1
      objectReference: {fileID: 0}
    - target: {fileID: 5606785592448882432, guid: 7c4d7c82526278647942d9fdf19fc4e4,
        type: 3}
      propertyPath: m_LocalPosition.y
      value: 3
      objectReference: {fileID: 0}
    - target: {fileID: 5606785592448882432, guid: 7c4d7c82526278647942d9fdf19fc4e4,
        type: 3}
      propertyPath: m_LocalPosition.z
      value: 0
      objectReference: {fileID: 0}
    - target: {fileID: 5606785592448882432, guid: 7c4d7c82526278647942d9fdf19fc4e4,
        type: 3}
      propertyPath: m_LocalRotation.x
      value: 0
      objectReference: {fileID: 0}
    - target: {fileID: 5606785592448882432, guid: 7c4d7c82526278647942d9fdf19fc4e4,
        type: 3}
      propertyPath: m_LocalRotation.y
      value: 0
      objectReference: {fileID: 0}
    - target: {fileID: 5606785592448882432, guid: 7c4d7c82526278647942d9fdf19fc4e4,
        type: 3}
      propertyPath: m_LocalRotation.z
      value: 0
      objectReference: {fileID: 0}
    - target: {fileID: 5606785592448882432, guid: 7c4d7c82526278647942d9fdf19fc4e4,
        type: 3}
      propertyPath: m_LocalRotation.w
      value: 1
      objectReference: {fileID: 0}
    - target: {fileID: 5606785592448882432, guid: 7c4d7c82526278647942d9fdf19fc4e4,
        type: 3}
      propertyPath: m_RootOrder
      value: 3
      objectReference: {fileID: 0}
    - target: {fileID: 5606785592448882432, guid: 7c4d7c82526278647942d9fdf19fc4e4,
        type: 3}
      propertyPath: m_LocalEulerAnglesHint.x
      value: 0
      objectReference: {fileID: 0}
    - target: {fileID: 5606785592448882432, guid: 7c4d7c82526278647942d9fdf19fc4e4,
        type: 3}
      propertyPath: m_LocalEulerAnglesHint.y
      value: 0
      objectReference: {fileID: 0}
    - target: {fileID: 5606785592448882432, guid: 7c4d7c82526278647942d9fdf19fc4e4,
        type: 3}
      propertyPath: m_LocalEulerAnglesHint.z
      value: 0
      objectReference: {fileID: 0}
    - target: {fileID: 5606785592448882432, guid: 7c4d7c82526278647942d9fdf19fc4e4,
        type: 3}
      propertyPath: m_LocalScale.y
      value: 0.7
      objectReference: {fileID: 0}
    - target: {fileID: 5606785592448882432, guid: 7c4d7c82526278647942d9fdf19fc4e4,
        type: 3}
      propertyPath: m_LocalScale.x
      value: 0.7
      objectReference: {fileID: 0}
    - target: {fileID: 8882094625027602315, guid: 7c4d7c82526278647942d9fdf19fc4e4,
        type: 3}
      propertyPath: m_Sprite
      value: 
      objectReference: {fileID: 21300000, guid: bbe3b92c69bd18d48ad221c4922f16dc,
        type: 3}
    m_RemovedComponents: []
  m_SourcePrefab: {fileID: 100100000, guid: 7c4d7c82526278647942d9fdf19fc4e4, type: 3}
--- !u!4 &852409311 stripped
Transform:
  m_CorrespondingSourceObject: {fileID: 5606785592448882432, guid: 7c4d7c82526278647942d9fdf19fc4e4,
    type: 3}
  m_PrefabInstance: {fileID: 852409310}
  m_PrefabAsset: {fileID: 0}
--- !u!1 &957328055
GameObject:
  m_ObjectHideFlags: 0
  m_CorrespondingSourceObject: {fileID: 0}
  m_PrefabInstance: {fileID: 0}
  m_PrefabAsset: {fileID: 0}
  serializedVersion: 6
  m_Component:
  - component: {fileID: 957328058}
  - component: {fileID: 957328057}
  - component: {fileID: 957328056}
  m_Layer: 0
  m_Name: Main Camera
  m_TagString: MainCamera
  m_Icon: {fileID: 0}
  m_NavMeshLayer: 0
  m_StaticEditorFlags: 0
  m_IsActive: 1
--- !u!81 &957328056
AudioListener:
  m_ObjectHideFlags: 0
  m_CorrespondingSourceObject: {fileID: 0}
  m_PrefabInstance: {fileID: 0}
  m_PrefabAsset: {fileID: 0}
  m_GameObject: {fileID: 957328055}
  m_Enabled: 1
--- !u!20 &957328057
Camera:
  m_ObjectHideFlags: 0
  m_CorrespondingSourceObject: {fileID: 0}
  m_PrefabInstance: {fileID: 0}
  m_PrefabAsset: {fileID: 0}
  m_GameObject: {fileID: 957328055}
  m_Enabled: 1
  serializedVersion: 2
  m_ClearFlags: 1
  m_BackGroundColor: {r: 0.19215687, g: 0.3019608, b: 0.4745098, a: 0}
  m_projectionMatrixMode: 1
  m_GateFitMode: 2
  m_FOVAxisMode: 0
  m_SensorSize: {x: 36, y: 24}
  m_LensShift: {x: 0, y: 0}
  m_FocalLength: 50
  m_NormalizedViewPortRect:
    serializedVersion: 2
    x: 0
    y: 0
    width: 1
    height: 1
  near clip plane: 0.3
  far clip plane: 1000
  field of view: 60
  orthographic: 1
  orthographic size: 5
  m_Depth: -1
  m_CullingMask:
    serializedVersion: 2
    m_Bits: 4294967295
  m_RenderingPath: -1
  m_TargetTexture: {fileID: 0}
  m_TargetDisplay: 0
  m_TargetEye: 3
  m_HDR: 1
  m_AllowMSAA: 1
  m_AllowDynamicResolution: 0
  m_ForceIntoRT: 0
  m_OcclusionCulling: 1
  m_StereoConvergence: 10
  m_StereoSeparation: 0.022
--- !u!4 &957328058
Transform:
  m_ObjectHideFlags: 0
  m_CorrespondingSourceObject: {fileID: 0}
  m_PrefabInstance: {fileID: 0}
  m_PrefabAsset: {fileID: 0}
  m_GameObject: {fileID: 957328055}
  m_LocalRotation: {x: 0, y: 0, z: 0, w: 1}
  m_LocalPosition: {x: 0, y: 0, z: -10}
  m_LocalScale: {x: 1, y: 1, z: 1}
  m_Children: []
  m_Father: {fileID: 0}
  m_RootOrder: 0
  m_LocalEulerAnglesHint: {x: 0, y: 0, z: 0}
--- !u!1 &1071907124
GameObject:
  m_ObjectHideFlags: 0
  m_CorrespondingSourceObject: {fileID: 0}
  m_PrefabInstance: {fileID: 0}
  m_PrefabAsset: {fileID: 0}
  serializedVersion: 6
  m_Component:
  - component: {fileID: 1071907125}
  m_Layer: 0
  m_Name: Level 02
  m_TagString: Untagged
  m_Icon: {fileID: 0}
  m_NavMeshLayer: 0
  m_StaticEditorFlags: 0
  m_IsActive: 1
--- !u!4 &1071907125
Transform:
  m_ObjectHideFlags: 0
  m_CorrespondingSourceObject: {fileID: 0}
  m_PrefabInstance: {fileID: 0}
  m_PrefabAsset: {fileID: 0}
  m_GameObject: {fileID: 1071907124}
  m_LocalRotation: {x: 0, y: 0, z: 0, w: 1}
  m_LocalPosition: {x: 0, y: 0, z: 0}
  m_LocalScale: {x: 1.5, y: 1.5, z: 1.5}
  m_Children:
  - {fileID: 532951411}
  - {fileID: 721662208}
  - {fileID: 2048463943}
  - {fileID: 852409311}
  - {fileID: 1809799008}
  - {fileID: 715940057}
  - {fileID: 554613568}
  - {fileID: 233812257}
  m_Father: {fileID: 0}
  m_RootOrder: 1
  m_LocalEulerAnglesHint: {x: 0, y: 0, z: 0}
--- !u!1001 &1634076455
PrefabInstance:
  m_ObjectHideFlags: 0
  serializedVersion: 2
  m_Modification:
    m_TransformParent: {fileID: 532951411}
    m_Modifications:
    - target: {fileID: 1023680390054814057, guid: 131462c2695b1a047892b18de6bbf41d,
        type: 3}
      propertyPath: m_Name
      value: Wound-1
      objectReference: {fileID: 0}
    - target: {fileID: 3579951690500951381, guid: 131462c2695b1a047892b18de6bbf41d,
        type: 3}
      propertyPath: m_LocalPosition.x
      value: -1.3023
      objectReference: {fileID: 0}
    - target: {fileID: 3579951690500951381, guid: 131462c2695b1a047892b18de6bbf41d,
        type: 3}
      propertyPath: m_LocalPosition.y
      value: 0.0124
      objectReference: {fileID: 0}
    - target: {fileID: 3579951690500951381, guid: 131462c2695b1a047892b18de6bbf41d,
        type: 3}
      propertyPath: m_LocalPosition.z
      value: 0
      objectReference: {fileID: 0}
    - target: {fileID: 3579951690500951381, guid: 131462c2695b1a047892b18de6bbf41d,
        type: 3}
      propertyPath: m_LocalRotation.x
      value: -0
      objectReference: {fileID: 0}
    - target: {fileID: 3579951690500951381, guid: 131462c2695b1a047892b18de6bbf41d,
        type: 3}
      propertyPath: m_LocalRotation.y
      value: -0
      objectReference: {fileID: 0}
    - target: {fileID: 3579951690500951381, guid: 131462c2695b1a047892b18de6bbf41d,
        type: 3}
      propertyPath: m_LocalRotation.z
      value: -0
      objectReference: {fileID: 0}
    - target: {fileID: 3579951690500951381, guid: 131462c2695b1a047892b18de6bbf41d,
        type: 3}
      propertyPath: m_LocalRotation.w
      value: 1
      objectReference: {fileID: 0}
    - target: {fileID: 3579951690500951381, guid: 131462c2695b1a047892b18de6bbf41d,
        type: 3}
      propertyPath: m_RootOrder
      value: 0
      objectReference: {fileID: 0}
    - target: {fileID: 3579951690500951381, guid: 131462c2695b1a047892b18de6bbf41d,
        type: 3}
      propertyPath: m_LocalEulerAnglesHint.x
      value: 0
      objectReference: {fileID: 0}
    - target: {fileID: 3579951690500951381, guid: 131462c2695b1a047892b18de6bbf41d,
        type: 3}
      propertyPath: m_LocalEulerAnglesHint.y
      value: 0
      objectReference: {fileID: 0}
    - target: {fileID: 3579951690500951381, guid: 131462c2695b1a047892b18de6bbf41d,
        type: 3}
      propertyPath: m_LocalEulerAnglesHint.z
      value: 0
      objectReference: {fileID: 0}
    - target: {fileID: 3579951690500951381, guid: 131462c2695b1a047892b18de6bbf41d,
        type: 3}
      propertyPath: m_LocalScale.y
      value: 0.46252677
      objectReference: {fileID: 0}
    - target: {fileID: 3579951690500951381, guid: 131462c2695b1a047892b18de6bbf41d,
        type: 3}
      propertyPath: m_LocalScale.x
      value: 0.60191137
      objectReference: {fileID: 0}
    - target: {fileID: 1730815586074075398, guid: 131462c2695b1a047892b18de6bbf41d,
        type: 3}
      propertyPath: passValue
      value: 1
      objectReference: {fileID: 0}
    - target: {fileID: 5912654675508964276, guid: 131462c2695b1a047892b18de6bbf41d,
        type: 3}
      propertyPath: m_Sprite
      value: 
      objectReference: {fileID: 21300000, guid: e2893b5489a0319449d319e4d87cec4c,
        type: 3}
    - target: {fileID: 7881067161970379287, guid: 131462c2695b1a047892b18de6bbf41d,
        type: 3}
      propertyPath: m_Offset.x
      value: 0.18833208
      objectReference: {fileID: 0}
    - target: {fileID: 7881067161970379287, guid: 131462c2695b1a047892b18de6bbf41d,
        type: 3}
      propertyPath: m_SpriteTilingProperty.border.z
      value: 5.42
      objectReference: {fileID: 0}
    - target: {fileID: 7881067161970379287, guid: 131462c2695b1a047892b18de6bbf41d,
        type: 3}
      propertyPath: m_SpriteTilingProperty.oldSize.x
      value: 5.99
      objectReference: {fileID: 0}
    - target: {fileID: 7881067161970379287, guid: 131462c2695b1a047892b18de6bbf41d,
        type: 3}
      propertyPath: m_SpriteTilingProperty.oldSize.y
      value: 1.82
      objectReference: {fileID: 0}
    - target: {fileID: 7881067161970379287, guid: 131462c2695b1a047892b18de6bbf41d,
        type: 3}
      propertyPath: m_Size.x
      value: 5.5953035
      objectReference: {fileID: 0}
    - target: {fileID: 7881067161970379287, guid: 131462c2695b1a047892b18de6bbf41d,
        type: 3}
      propertyPath: m_Offset.y
      value: -0.010180712
      objectReference: {fileID: 0}
    - target: {fileID: 7881067161970379287, guid: 131462c2695b1a047892b18de6bbf41d,
        type: 3}
      propertyPath: m_Size.y
      value: 1.4275928
      objectReference: {fileID: 0}
    - target: {fileID: 6969388845915760004, guid: 131462c2695b1a047892b18de6bbf41d,
        type: 3}
      propertyPath: m_Sprite
      value: 
      objectReference: {fileID: 21300000, guid: 6bb742310f308384b9dec8227c2ed5c1,
        type: 3}
    m_RemovedComponents: []
  m_SourcePrefab: {fileID: 100100000, guid: 131462c2695b1a047892b18de6bbf41d, type: 3}
--- !u!1001 &1809799007
PrefabInstance:
  m_ObjectHideFlags: 0
  serializedVersion: 2
  m_Modification:
    m_TransformParent: {fileID: 1071907125}
    m_Modifications:
    - target: {fileID: 1362066180402142670, guid: 7c4d7c82526278647942d9fdf19fc4e4,
        type: 3}
      propertyPath: m_Name
      value: Node D
      objectReference: {fileID: 0}
    - target: {fileID: 5606785592448882432, guid: 7c4d7c82526278647942d9fdf19fc4e4,
        type: 3}
      propertyPath: m_LocalPosition.x
      value: 1
      objectReference: {fileID: 0}
    - target: {fileID: 5606785592448882432, guid: 7c4d7c82526278647942d9fdf19fc4e4,
        type: 3}
      propertyPath: m_LocalPosition.y
      value: -2
      objectReference: {fileID: 0}
    - target: {fileID: 5606785592448882432, guid: 7c4d7c82526278647942d9fdf19fc4e4,
        type: 3}
      propertyPath: m_LocalPosition.z
      value: 0
      objectReference: {fileID: 0}
    - target: {fileID: 5606785592448882432, guid: 7c4d7c82526278647942d9fdf19fc4e4,
        type: 3}
      propertyPath: m_LocalRotation.x
      value: 0
      objectReference: {fileID: 0}
    - target: {fileID: 5606785592448882432, guid: 7c4d7c82526278647942d9fdf19fc4e4,
        type: 3}
      propertyPath: m_LocalRotation.y
      value: 0
      objectReference: {fileID: 0}
    - target: {fileID: 5606785592448882432, guid: 7c4d7c82526278647942d9fdf19fc4e4,
        type: 3}
      propertyPath: m_LocalRotation.z
      value: 0
      objectReference: {fileID: 0}
    - target: {fileID: 5606785592448882432, guid: 7c4d7c82526278647942d9fdf19fc4e4,
        type: 3}
      propertyPath: m_LocalRotation.w
      value: 1
      objectReference: {fileID: 0}
    - target: {fileID: 5606785592448882432, guid: 7c4d7c82526278647942d9fdf19fc4e4,
        type: 3}
      propertyPath: m_RootOrder
      value: 4
      objectReference: {fileID: 0}
    - target: {fileID: 5606785592448882432, guid: 7c4d7c82526278647942d9fdf19fc4e4,
        type: 3}
      propertyPath: m_LocalEulerAnglesHint.x
      value: 0
      objectReference: {fileID: 0}
    - target: {fileID: 5606785592448882432, guid: 7c4d7c82526278647942d9fdf19fc4e4,
        type: 3}
      propertyPath: m_LocalEulerAnglesHint.y
      value: 0
      objectReference: {fileID: 0}
    - target: {fileID: 5606785592448882432, guid: 7c4d7c82526278647942d9fdf19fc4e4,
        type: 3}
      propertyPath: m_LocalEulerAnglesHint.z
      value: 0
      objectReference: {fileID: 0}
    - target: {fileID: 5606785592448882432, guid: 7c4d7c82526278647942d9fdf19fc4e4,
        type: 3}
      propertyPath: m_LocalScale.y
      value: 0.7
      objectReference: {fileID: 0}
    - target: {fileID: 5606785592448882432, guid: 7c4d7c82526278647942d9fdf19fc4e4,
        type: 3}
      propertyPath: m_LocalScale.x
      value: 0.7
      objectReference: {fileID: 0}
    - target: {fileID: 8882094625027602315, guid: 7c4d7c82526278647942d9fdf19fc4e4,
        type: 3}
      propertyPath: m_Sprite
      value: 
      objectReference: {fileID: 21300000, guid: bbe3b92c69bd18d48ad221c4922f16dc,
        type: 3}
    m_RemovedComponents: []
  m_SourcePrefab: {fileID: 100100000, guid: 7c4d7c82526278647942d9fdf19fc4e4, type: 3}
--- !u!4 &1809799008 stripped
Transform:
  m_CorrespondingSourceObject: {fileID: 5606785592448882432, guid: 7c4d7c82526278647942d9fdf19fc4e4,
    type: 3}
  m_PrefabInstance: {fileID: 1809799007}
  m_PrefabAsset: {fileID: 0}
--- !u!1001 &1894352121
PrefabInstance:
  m_ObjectHideFlags: 0
  serializedVersion: 2
  m_Modification:
    m_TransformParent: {fileID: 0}
    m_Modifications:
    - target: {fileID: 6456919601206814259, guid: 334c12f195c67e049af2309941b4cf90,
        type: 3}
      propertyPath: m_Name
      value: SceneController
      objectReference: {fileID: 0}
    - target: {fileID: 2352192984902858216, guid: 334c12f195c67e049af2309941b4cf90,
        type: 3}
      propertyPath: m_LocalPosition.x
      value: 12
      objectReference: {fileID: 0}
    - target: {fileID: 2352192984902858216, guid: 334c12f195c67e049af2309941b4cf90,
        type: 3}
      propertyPath: m_LocalPosition.y
      value: 0
      objectReference: {fileID: 0}
    - target: {fileID: 2352192984902858216, guid: 334c12f195c67e049af2309941b4cf90,
        type: 3}
      propertyPath: m_LocalPosition.z
      value: 0
      objectReference: {fileID: 0}
    - target: {fileID: 2352192984902858216, guid: 334c12f195c67e049af2309941b4cf90,
        type: 3}
      propertyPath: m_LocalRotation.x
      value: 0
      objectReference: {fileID: 0}
    - target: {fileID: 2352192984902858216, guid: 334c12f195c67e049af2309941b4cf90,
        type: 3}
      propertyPath: m_LocalRotation.y
      value: 0
      objectReference: {fileID: 0}
    - target: {fileID: 2352192984902858216, guid: 334c12f195c67e049af2309941b4cf90,
        type: 3}
      propertyPath: m_LocalRotation.z
      value: 0
      objectReference: {fileID: 0}
    - target: {fileID: 2352192984902858216, guid: 334c12f195c67e049af2309941b4cf90,
        type: 3}
      propertyPath: m_LocalRotation.w
      value: 1
      objectReference: {fileID: 0}
    - target: {fileID: 2352192984902858216, guid: 334c12f195c67e049af2309941b4cf90,
        type: 3}
      propertyPath: m_RootOrder
      value: 3
      objectReference: {fileID: 0}
    - target: {fileID: 2352192984902858216, guid: 334c12f195c67e049af2309941b4cf90,
        type: 3}
      propertyPath: m_LocalEulerAnglesHint.x
      value: 0
      objectReference: {fileID: 0}
    - target: {fileID: 2352192984902858216, guid: 334c12f195c67e049af2309941b4cf90,
        type: 3}
      propertyPath: m_LocalEulerAnglesHint.y
      value: 0
      objectReference: {fileID: 0}
    - target: {fileID: 2352192984902858216, guid: 334c12f195c67e049af2309941b4cf90,
        type: 3}
      propertyPath: m_LocalEulerAnglesHint.z
      value: 0
      objectReference: {fileID: 0}
    m_RemovedComponents: []
  m_SourcePrefab: {fileID: 100100000, guid: 334c12f195c67e049af2309941b4cf90, type: 3}
--- !u!1001 &2048463942
PrefabInstance:
  m_ObjectHideFlags: 0
  serializedVersion: 2
  m_Modification:
    m_TransformParent: {fileID: 1071907125}
    m_Modifications:
    - target: {fileID: 1362066180402142670, guid: 7c4d7c82526278647942d9fdf19fc4e4,
        type: 3}
      propertyPath: m_Name
      value: Node B
      objectReference: {fileID: 0}
    - target: {fileID: 5606785592448882432, guid: 7c4d7c82526278647942d9fdf19fc4e4,
        type: 3}
      propertyPath: m_LocalPosition.x
      value: -2
      objectReference: {fileID: 0}
    - target: {fileID: 5606785592448882432, guid: 7c4d7c82526278647942d9fdf19fc4e4,
        type: 3}
      propertyPath: m_LocalPosition.y
      value: -1
      objectReference: {fileID: 0}
    - target: {fileID: 5606785592448882432, guid: 7c4d7c82526278647942d9fdf19fc4e4,
        type: 3}
      propertyPath: m_LocalPosition.z
      value: 0
      objectReference: {fileID: 0}
    - target: {fileID: 5606785592448882432, guid: 7c4d7c82526278647942d9fdf19fc4e4,
        type: 3}
      propertyPath: m_LocalRotation.x
      value: 0
      objectReference: {fileID: 0}
    - target: {fileID: 5606785592448882432, guid: 7c4d7c82526278647942d9fdf19fc4e4,
        type: 3}
      propertyPath: m_LocalRotation.y
      value: 0
      objectReference: {fileID: 0}
    - target: {fileID: 5606785592448882432, guid: 7c4d7c82526278647942d9fdf19fc4e4,
        type: 3}
      propertyPath: m_LocalRotation.z
      value: 0
      objectReference: {fileID: 0}
    - target: {fileID: 5606785592448882432, guid: 7c4d7c82526278647942d9fdf19fc4e4,
        type: 3}
      propertyPath: m_LocalRotation.w
      value: 1
      objectReference: {fileID: 0}
    - target: {fileID: 5606785592448882432, guid: 7c4d7c82526278647942d9fdf19fc4e4,
        type: 3}
      propertyPath: m_RootOrder
      value: 2
      objectReference: {fileID: 0}
    - target: {fileID: 5606785592448882432, guid: 7c4d7c82526278647942d9fdf19fc4e4,
        type: 3}
      propertyPath: m_LocalEulerAnglesHint.x
      value: 0
      objectReference: {fileID: 0}
    - target: {fileID: 5606785592448882432, guid: 7c4d7c82526278647942d9fdf19fc4e4,
        type: 3}
      propertyPath: m_LocalEulerAnglesHint.y
      value: 0
      objectReference: {fileID: 0}
    - target: {fileID: 5606785592448882432, guid: 7c4d7c82526278647942d9fdf19fc4e4,
        type: 3}
      propertyPath: m_LocalEulerAnglesHint.z
      value: 0
      objectReference: {fileID: 0}
    - target: {fileID: 5606785592448882432, guid: 7c4d7c82526278647942d9fdf19fc4e4,
        type: 3}
      propertyPath: m_LocalScale.y
      value: 0.7
      objectReference: {fileID: 0}
    - target: {fileID: 5606785592448882432, guid: 7c4d7c82526278647942d9fdf19fc4e4,
        type: 3}
      propertyPath: m_LocalScale.x
      value: 0.7
      objectReference: {fileID: 0}
    - target: {fileID: 8882094625027602315, guid: 7c4d7c82526278647942d9fdf19fc4e4,
        type: 3}
      propertyPath: m_Sprite
      value: 
      objectReference: {fileID: 21300000, guid: bbe3b92c69bd18d48ad221c4922f16dc,
        type: 3}
    m_RemovedComponents: []
  m_SourcePrefab: {fileID: 100100000, guid: 7c4d7c82526278647942d9fdf19fc4e4, type: 3}
--- !u!4 &2048463943 stripped
Transform:
  m_CorrespondingSourceObject: {fileID: 5606785592448882432, guid: 7c4d7c82526278647942d9fdf19fc4e4,
    type: 3}
  m_PrefabInstance: {fileID: 2048463942}
  m_PrefabAsset: {fileID: 0}
--- !u!1001 &2080096174
PrefabInstance:
  m_ObjectHideFlags: 0
  serializedVersion: 2
  m_Modification:
    m_TransformParent: {fileID: 0}
    m_Modifications:
    - target: {fileID: 3580583101074504527, guid: bfb75fb85da78f7429785607d9288f70,
        type: 3}
      propertyPath: m_Name
      value: ThreadManager
      objectReference: {fileID: 0}
    - target: {fileID: 7250562885737066911, guid: bfb75fb85da78f7429785607d9288f70,
        type: 3}
      propertyPath: m_LocalPosition.x
      value: 0
      objectReference: {fileID: 0}
    - target: {fileID: 7250562885737066911, guid: bfb75fb85da78f7429785607d9288f70,
        type: 3}
      propertyPath: m_LocalPosition.y
      value: 0
      objectReference: {fileID: 0}
    - target: {fileID: 7250562885737066911, guid: bfb75fb85da78f7429785607d9288f70,
        type: 3}
      propertyPath: m_LocalPosition.z
      value: 0
      objectReference: {fileID: 0}
    - target: {fileID: 7250562885737066911, guid: bfb75fb85da78f7429785607d9288f70,
        type: 3}
      propertyPath: m_LocalRotation.x
      value: 0
      objectReference: {fileID: 0}
    - target: {fileID: 7250562885737066911, guid: bfb75fb85da78f7429785607d9288f70,
        type: 3}
      propertyPath: m_LocalRotation.y
      value: 0
      objectReference: {fileID: 0}
    - target: {fileID: 7250562885737066911, guid: bfb75fb85da78f7429785607d9288f70,
        type: 3}
      propertyPath: m_LocalRotation.z
      value: 0
      objectReference: {fileID: 0}
    - target: {fileID: 7250562885737066911, guid: bfb75fb85da78f7429785607d9288f70,
        type: 3}
      propertyPath: m_LocalRotation.w
      value: 1
      objectReference: {fileID: 0}
    - target: {fileID: 7250562885737066911, guid: bfb75fb85da78f7429785607d9288f70,
        type: 3}
      propertyPath: m_RootOrder
      value: 2
      objectReference: {fileID: 0}
    - target: {fileID: 7250562885737066911, guid: bfb75fb85da78f7429785607d9288f70,
        type: 3}
      propertyPath: m_LocalEulerAnglesHint.x
      value: 0
      objectReference: {fileID: 0}
    - target: {fileID: 7250562885737066911, guid: bfb75fb85da78f7429785607d9288f70,
        type: 3}
      propertyPath: m_LocalEulerAnglesHint.y
      value: 0
      objectReference: {fileID: 0}
    - target: {fileID: 7250562885737066911, guid: bfb75fb85da78f7429785607d9288f70,
        type: 3}
      propertyPath: m_LocalEulerAnglesHint.z
      value: 0
      objectReference: {fileID: 0}
    - target: {fileID: 3000512457827782678, guid: bfb75fb85da78f7429785607d9288f70,
        type: 3}
      propertyPath: limit
      value: 18
      objectReference: {fileID: 0}
    m_RemovedComponents: []
  m_SourcePrefab: {fileID: 100100000, guid: bfb75fb85da78f7429785607d9288f70, type: 3}
